@article{10046363,
author = {Ralph H. Gay and Robert A. Davis and Don T. Phillips and Daniel Sui},
title = {{Modeling Paradigm for the Environmental Impacts of the Digital Economy}},
journal = {Journal of Organizational Computing and Electronic Commerce},
volume = {15},
year = {2005},
pages = {61--82},
issue = {1},
doi = {10.1207/s15327744joce1501_4},
masid = {10046363}
}

@INPROCEEDINGS{924525, 
author={Matthews, H.S. and Hendrickson, C.T. and Soh, D.}, 
booktitle={Electronics and the Environment, 2001. Proceedings of the 2001 IEEE International Symposium on}, 
title={The net effect: environmental implications of e-commerce and logistics}, 
year={2001}, 
month={}, 
pages={191-195}, 
keywords={Internet;electronic commerce;environmental factors;goods distribution;home shopping;logistics data processing;marketing;Internet;analysis system boundaries;best-selling books;book retailing;cost;e-commerce;e-commerce business model;e-commerce logistics;energy;environment;environmental implications;environmental savings;input assumptions;inventories reduction;logistics;logistics networks;net effect;packaging materials;private auto travel;product delivery;product fulfilment;product marketing;product selling;retail methods;return rate;Books;Companies;Computer aided manufacturing;Costs;Environmentally friendly manufacturing techniques;Internet;Logistics;Manufacturing processes;Packaging;Pollution}, 
doi={10.1109/ISEE.2001.924525}, 
ISSN={1095-2020},}

@INPROCEEDINGS{6360455, 
author={Junbeum Kim and Rohmer, S.}, 
booktitle={Electronics Goes Green 2012+ (EGG), 2012}, 
title={Electronic billing vs. paper billing: Dematerialization, energy consumption and environmental impacts}, 
year={2012}, 
month={Sept}, 
pages={1-4}, 
keywords={computer centres;electronic money;energy conservation;invoicing;EBP system;LCA;PBP system;US;bill distribution;computer payments;data center;dematerialization;electronic billing and payment;energy consumption;envelop production;environmental impacts;life cycle assessment method;operation servers;paper billing and payment;paper production;Abstracts;Computational modeling;Meteorology;Presses;Servers;World Wide Web},}

@INPROCEEDINGS{1208069, 
author={Loerincik, Y. and Sangwon Suh and Jolliet, O.}, 
booktitle={Electronics and the Environment, 2003. IEEE International Symposium on}, 
title={Life cycle environmental impact of the Internet infrastructure in a university}, 
year={2003}, 
month={May}, 
pages={173-176}, 
keywords={Internet;environmental factors;information technology;power consumption;Input-Output LCA software;Internet infrastructure;MIET;Swiss Federal Institute of Technology;communication technologies;computational services;computer breakdown;computer manufacturing;databases;electricity consumption;environmental aspects;environmental friendly computer;information technologies;input-output analysis;life cycle assessment;life cycle environmental impact;maintenance;management;paper;personal computers;university;Communications technology;Computer aided manufacturing;Databases;Energy consumption;Environmental management;Internet;Maintenance;Microcomputers;Shape;Software performance}, 
doi={10.1109/ISEE.2003.1208069}, 
ISSN={1095-2020},}

@techreport{3758490,
    author = {Webb, Molly},
    institution = {Global eSustainability Initiative (GeSI)},
    organization = {The Climate Group},
    posted-at = {2008-12-09 06:39:19},
    priority = {2},
    title = {{SMART 2020: enabling the low carbon economy in the information age, a report by The Climate Group on behalf of the Global eSustainability Initiative (GeSI)}},
    year = {2008}
}

@techreport{7282419,
    author = {James, Peter and Hopkinson, Lisa},
    day = {13},
    institution = {JISC},
    month = jan,
    posted-at = {2011-06-17 12:36:13},
    priority = {2},
    publisher = {SusteIT},
    title = {{Sustainable ICT in Further and Higher Education}},
    year = {2009}
}


@article{Hilty20061618,
title = "The relevance of information and communication technologies for environmental sustainability – A prospective simulation study ",
journal = "Environmental Modelling \& Software ",
volume = "21",
number = "11",
pages = "1618 - 1629",
year = "2006",
note = "Environmental Informatics ",
issn = "1364-8152",
doi = "http://dx.doi.org/10.1016/j.envsoft.2006.05.007",
author = "Lorenz M. Hilty and Peter Arnfalk and Lorenz Erdmann and James Goodman and Martin Lehmann and Patrick A. Wäger",
keywords = "Information technology",
keywords = "Communication technology",
keywords = "Environmental impact",
keywords = "Sustainable development",
keywords = "Information society",
keywords = "Socio-economic modelling and simulation",
keywords = "System dynamics",
keywords = "Structural change",
keywords = "Material intensity",
keywords = "Rebound effect",
keywords = "Prospective technology assessment "
}

@INPROCEEDINGS{6083606, 
author={Egyedi, T. and Muto, S.}, 
booktitle={Standardization and Innovation in Information Technology (SIIT), 2011 7th International Conference on}, 
title={Standards for ICT - A green strategy in a grey sector}, 
year={2011}, 
month={Sept}, 
pages={1-10}, 
keywords={DP industry;economics;grey systems;standards;IT industry;compatibility standards;grey sector;mobile phone charger;Consumer electronics;Economics;Electronic waste;Energy consumption;Europe;ISO standards}, 
doi={10.1109/SIIT.2011.6083606},}

@article{Bull201410,
title = "Comparative life cycle assessments: The case of paper and digital media ",
journal = "Environmental Impact Assessment Review ",
volume = "45",
number = "0",
pages = "10 - 18",
year = "2014",
note = "",
issn = "0195-9255",
doi = "http://dx.doi.org/10.1016/j.eiar.2013.10.001",
author = "Justin G. Bull and Robert A. Kozak",
keywords = "Life cycle assessment",
keywords = "Electronic media",
keywords = "Paper media",
keywords = "Moore's Law "
}

@article{cooper2006life,
  title={Life-Cycle Assessment Practitioner Survey: Summary of Results},
  author={Cooper, Joyce Smith and Fava, James A},
  journal={Journal of Industrial Ecology},
  volume={10},
  number={4},
  pages={12--14},
  year={2006},
  publisher={Wiley Online Library}
}

@article{sinden2009contribution,
  title={The contribution of PAS 2050 to the evolution of international greenhouse gas emission standards},
  author={Sinden, Graham},
  journal={The International Journal of Life Cycle Assessment},
  volume={14},
  number={3},
  pages={195--203},
  year={2009},
  publisher={Springer}
}

@article{choi2006life,
  title={Life Cycle Assessment of a Personal Computer and its Effective Recycling Rate (7 pp)},
  author={Choi, Byung-Chul and Shin, Hang-Sik and Lee, Su-Yol and Hur, Tak},
  journal={The International Journal of Life Cycle Assessment},
  volume={11},
  number={2},
  pages={122--128},
  year={2006},
  publisher={Springer}
}

@article{lu2006balancing,
  title={Balancing the life cycle impacts of notebook computers: Taiwan's experience},
  author={Lu, Li-Teh and Wernick, Iddo K and Hsiao, Teng-Yuan and Yu, Yue-Hwa and Yang, Ya-Mei and Ma, Hwong-Wen},
  journal={Resources, Conservation and Recycling},
  volume={48},
  number={1},
  pages={13--25},
  year={2006},
  publisher={Elsevier}
}

@article{frey2006ecological,
  title={Ecological footprint analysis applied to mobile phones},
  author={Frey, Sibylle D and Harrison, David J and Billett, Eric H},
  journal={Journal of Industrial Ecology},
  volume={10},
  number={1-2},
  pages={199--216},
  year={2006},
  publisher={Wiley Online Library}
}

@article{malmodin2013future,
  title={The future carbon footprint of the ICT and E\&M sectors},
  author={Malmodin, Jens and Bergmark, Pernilla and Lund{\'e}n, Dag},
  journal={on Information and Communication Technologies},
  pages={12},
  year={2013}
}

@INPROCEEDINGS{6728838, 
author={Lintern, M.A. and Chen, R. and Carroll, S. and Walsh, C.}, 
booktitle={Hybrid and Electric Vehicles Conference 2013 (HEVC 2013), IET}, 
title={Simulation study on the measured difference in fuel consumption between real-world driving and ECE-15 of a hybrid electric vehicle}, 
year={2013}, 
month={Nov}, 
pages={1-6}, 
keywords={Global Positioning System;air pollution control;hybrid electric vehicles;Autonomie vehicle simulation software;ECE-15 urban drive cycle;GPS data logging system;Global Positioning System;HEV;LUUDC;Loughborough University Security;Loughborough University Urban Drive Cycle;chassis dynamometer;fuel consumption;hybrid electric vehicle;legislative drive cycles;local urban area;real-world drive cycle;second generation 2004 Toyota Prius;university campus;HEV;cycle;driving;fuel;real-world}, 
doi={10.1049/cp.2013.1918},}


@article{ISO140402006,
  title={14040: 2006},
  author={ISO, EN},
  journal={Environmental management--Life cycle assessment--Principles and framework},
  year={2006}
}


@article{rebitzer2004life,
  title={Life cycle assessment: Part 1: Framework, goal and scope definition, inventory analysis, and applications},
  author={Rebitzer, Gerald and Ekvall, Tomas and Frischknecht, R and Hunkeler, D and Norris, G and Rydberg, T and Schmidt, W-P and Suh, Sangwon and Weidema, B Pennington and Pennington, DW},
  journal={Environment international},
  volume={30},
  number={5},
  pages={701--720},
  year={2004},
  publisher={Elsevier}
}

@inproceedings{Moshnyaga:2013,
 author = {Moshnyaga, Vasily G.},
 title = {Lifecycle Energy Assessment of Mobile Applications},
 booktitle = {Proceedings of the 2013 International Workshop on Software Development Lifecycle for Mobile},
 series = {DeMobile 2013},
 year = {2013},
 isbn = {978-1-4503-2312-3},
 location = {Saint Petersburg, Russia},
 pages = {17--23},
 numpages = {7},
 doi = {10.1145/2501553.2501557},
 acmid = {2501557},
 publisher = {ACM},
 address = {New York, NY, USA},
 keywords = {application lifecycle assessment, carbon emission, energy consumption, mobile, software},
} 

@article{enroth2009,
  title={Environmental impact of printed and electronic teaching aids, a screening study focusing on fossil carbon dioxide emissions},
  author={Enroth, Maria},
  journal={Advances in printing and media technology},
  volume={36},
  pages={1--9},
  year={2009}
}

@article{zurkirch2000,
  title={Environmental impacts of telecommunication services},
  author={Zurkirch, Manfred and Reichart, Inge},
  journal={Greener Management International},
  volume={2000},
  number={32},
  pages={70--88},
  year={2000},
  publisher={Greenleaf Publishing in association with GSE Research}
}

@inproceedings{kozak2003,
  title={Printed scholarly books and e-book reading devices: a comparative life cycle assessment of two book options},
  author={Kozak, Greg L and Keolelan, GA},
  booktitle={Electronics and the Environment, 2003. IEEE International Symposium on},
  pages={291--296},
  year={2003},
  organization={IEEE}
}

@article{hischier2003multifunctional,
  title={Multifunctional electronic media-traditional media},
  author={Hischier, Roland and Reichart, Inge},
  journal={The International Journal of Life Cycle Assessment},
  volume={8},
  number={4},
  pages={201--208},
  year={2003},
  publisher={Springer}
}


@article{ekvall2001allocation,
  title={Allocation in ISO 14041—a critical review},
  author={Ekvall, Tomas and Finnveden, G{\"o}ran},
  journal={Journal of cleaner production},
  volume={9},
  number={3},
  pages={197--208},
  year={2001},
  publisher={Elsevier}
}


@inproceedings{moshnyaga2013assessment,
  title={Assessment of Software Lifecycle Energy and its Contribution to Green House Gas Emissions},
  author={Moshnyaga, Vasily G},
  booktitle={Cloud and Green Computing (CGC), 2013 Third International Conference on},
  pages={197--198},
  year={2013},
  organization={IEEE}
}

@MISC{Moberg_environmentalsystems,
    author = {Åsa Moberg and Supervisors Göran Finnveden and Peter Steen},
    title = {ENVIRONMENTAL SYSTEMS ANALYSIS TOOLS},
    year = {}
}

@article{joshi1999product,
  title={Product environmental life-cycle assessment using input-output techniques},
  author={Joshi, Satish},
  journal={Journal of Industrial Ecology},
  volume={3},
  number={2-3},
  pages={95--120},
  year={1999},
  publisher={Wiley Online Library}
}

@article{reap2008survey,
  title={A survey of unresolved problems in life cycle assessment},
  author={Reap, John and Roman, Felipe and Duncan, Scott and Bras, Bert},
  journal={The International Journal of Life Cycle Assessment},
  volume={13},
  number={5},
  pages={374--388},
  year={2008},
  publisher={Springer}
}

@article{owens1997life,
  title={Life-cycle assessment: Constraints on moving from inventory to impact assessment},
  author={Owens, JW},
  journal={Journal of Industrial Ecology},
  volume={1},
  number={1},
  pages={37--49},
  year={1997},
  publisher={Wiley Online Library}
}

@article{finnveden1997valuation,
  title={Valuation methods within LCA-Where are the values?},
  author={Finnveden, G{\"o}ran},
  journal={The International Journal of Life Cycle Assessment},
  volume={2},
  number={3},
  pages={163--169},
  year={1997},
  publisher={Springer}
}

@article{ehrenfeld1997importance,
  title={The importance of LCAs—warts and all},
  author={Ehrenfeld, John R},
  journal={Journal of Industrial Ecology},
  volume={1},
  number={2},
  pages={41--49},
  year={1997},
  publisher={Wiley Online Library}
}

@article{finnveden2000limitations,
  title={On the limitations of life cycle assessment and environmental systems analysis tools in general},
  author={Finnveden, G{\"o}ran},
  journal={The International Journal of Life Cycle Assessment},
  volume={5},
  number={4},
  pages={229--238},
  year={2000},
  publisher={Springer}
}

@inproceedings{arnold1993life,
  title={Life cycle doesn't work},
  author={Arnold, Frank},
  booktitle={The Environmental Forum},
  volume={5},
  pages={19--23},
  year={1993}
}

@article{arnold1995environmental,
  title={Why environmental life cycle assessment doesn't work},
  author={Arnold, Frank},
  journal={Journal of Environmental Law \& Practice},
  volume={2},
  number={5},
  pages={4--14},
  year={1995}
}

@article{pas20082050,
  title={2050: 2008 Specification for the assessment of the life cycle greenhouse gas emissions of goods and services},
  author={PAS, BSI},
  journal={British Standards Institution},
  year={2008}
}

@article{iso2006environmental,
  title={Environmental labels and declarations. Type III environmental declarations. Principles and procedures},
  author={ISO 14025, BSEN},
  journal={British Standard Institution},
  year={2006}
}

@article{finkbeiner201340s,
  title={From the 40s to the 70s—the future of LCA in the ISO 14000 family},
  author={Finkbeiner, Matthias},
  journal={The International Journal of Life Cycle Assessment},
  pages={1--4},
  year={2013},
  publisher={Springer}
}

@inproceedings{farrant2012environmental,
  title={Which environmental impacts for ICT?-LCA case study on electronic mail},
  author={Farrant, Laura and Le Guern, Yannick},
  booktitle={Electronics Goes Green 2012+(EGG), 2012},
  pages={1--5},
  year={2012},
  organization={IEEE}
}

@article{gard2002digital,
  title={Digital versus print: Energy performance in the selection and use of scholarly journals},
  author={Gard, David L and Keoleian, Gregory A},
  journal={Journal of Industrial Ecology},
  volume={6},
  number={2},
  pages={115--132},
  year={2002},
  publisher={Wiley Online Library}
}

@article{junnila2008life,
  title={Life cycle management of energy-consuming products in companies using IO-LCA},
  author={Junnila, Seppo},
  journal={The International Journal of Life Cycle Assessment},
  volume={13},
  number={5},
  pages={432--439},
  year={2008},
  publisher={Springer}
}

@article{hermann2007assessing,
  title={Assessing environmental performance by combining life cycle assessment, multi-criteria analysis and environmental performance indicators},
  author={Hermann, BG and Kroeze, C and Jawjit, W},
  journal={Journal of Cleaner Production},
  volume={15},
  number={18},
  pages={1787--1796},
  year={2007},
  publisher={Elsevier}
}

@article{curran2005international,
  title={The international workshop on electricity data for life cycle inventories},
  author={Curran, Mary Ann and Mann, Margaret and Norris, Gregory},
  journal={Journal of Cleaner Production},
  volume={13},
  number={8},
  pages={853--862},
  year={2005},
  publisher={Elsevier}
}

@inproceedings{guldbrandsson2012opportunities,
  title={Opportunities and limitations of using life cycle assessment methodology in the ICT sector},
  author={Guldbrandsson, F and Bergmark, P},
  booktitle={Electronics Goes Green 2012+(EGG), 2012},
  pages={1--6},
  year={2012},
  organization={IEEE}
}

@article{moberg2011books,
  title={Books from an environmental perspective—Part 2: e-books as an alternative to paper books},
  author={Moberg, {\AA}sa and Borggren, Clara and Finnveden, G{\"o}ran},
  journal={The International Journal of Life Cycle Assessment},
  volume={16},
  number={3},
  pages={238--246},
  year={2011},
  publisher={Springer}
}

@article{schmidt2009environmental,
  title={Environmental impacts from digital solutions as an alternative to conventional paper-based solutions},
  author={Schmidt, Anders and Hedal Kl{\"o}fverpris, N},
  journal={FORCE Technology, Lyngby},
  year={2009}
}

@article{koljonen2008environmental,
  title={The environmental impact on mail: a baseline},
  author={Koljonen, Denice},
  journal={Pitney Bowes},
  volume={6},
  year={2008}
}

@book{jungbluth2011environmental,
  title={Environmental impacts of Swiss consumption and production: a combination of input-output analysis with life cycle assessment},
  author={Jungbluth, Niels and Stucki, Matthias and Leuenberger, Marianne},
  year={2011},
  publisher={Federal Office for the Environment FOEN}
}


@article{matthews2000extending,
  title={Extending the boundaries of life-cycle assessment through environmental economic input-output models},
  author={Matthews, H Scott and Small, Mitchell J},
  journal={Journal of Industrial Ecology},
  volume={4},
  number={3},
  pages={7--10},
  year={2000},
  publisher={MIT PRESS}
}

@inproceedings{pathak2012energy,
  title={Where is the energy spent inside my app?: fine grained energy accounting on smartphones with eprof},
  author={Pathak, Abhinav and Hu, Y Charlie and Zhang, Ming},
  booktitle={Proceedings of the 7th ACM european conference on Computer Systems},
  pages={29--42},
  year={2012},
  organization={ACM}
}

@inproceedings{zhang2010accurate,
  title={Accurate online power estimation and automatic battery behavior based power model generation for smartphones},
  author={Zhang, Lide and Tiwana, Birjodh and Qian, Zhiyun and Wang, Zhaoguang and Dick, Robert P and Mao, Zhuoqing Morley and Yang, Lei},
  booktitle={Proceedings of the eighth IEEE/ACM/IFIP international conference on Hardware/software codesign and system synthesis},
  pages={105--114},
  year={2010},
  organization={ACM}
}

@ONLINE{EnergyDownload,
author = {K. Craig-Wood},
title = {Energy of downloads},
month = October,
year = {2010},
publisher={MEMSet Hosting}
url = {https://www.katescomment.com/energy-of-downloads/}
}

@ONLINE{Mellon,
author = {Carnegie Mellon University Green Design Institute},
title = { Economic Input-Output Life Cycle Assessment (EIO-LCA) US 2002 (428 sectors) Purchaser model},
month = October,
year = {2014},
url = {http://www.eiolca.net/}
}

@ONLINE{Flurry,
author = {S, Khalaf},
title = { Flurry Five-Year Report: It's an App World. The Web Just Lives in It},
month = April,
year = {2013},
url = {http://www.flurry.com/bid/95723/Flurry-Five-Year-Report-It-s-an-App-World-The-Web-Just-Lives-in-It}
}